<?xml version="1.0" encoding="UTF-8"?><collection><record><leader>07062ntm a2200793 a 4500</leader><controlfield tag="001">006818660</controlfield><controlfield tag="003">MiAaHDL</controlfield><controlfield tag="005">20190719000000.0</controlfield><controlfield tag="006">m        d        </controlfield><controlfield tag="007">cr bn ---auaua</controlfield><controlfield tag="008">090615s1658    xx            00| ||ota d</controlfield><datafield tag="035" ind1=" " ind2=" "><subfield code="a">(MiU)006818660</subfield></datafield><datafield tag="035" ind1=" " ind2=" "><subfield code="a">sdr-miu006818660</subfield></datafield><datafield tag="040" ind1=" " ind2=" "><subfield code="a">MiU</subfield><subfield code="c">MiU</subfield><subfield code="e">amremm</subfield></datafield><datafield tag="041" ind1="0" ind2=" "><subfield code="a">ota</subfield></datafield><datafield tag="043" ind1=" " ind2=" "><subfield code="a">n-us-mi</subfield><subfield code="a">a-tu---</subfield></datafield><datafield tag="100" ind1="0" ind2=" "><subfield code="6">880-01</subfield><subfield code="a">Nev'î,</subfield><subfield code="d">1533-1599.</subfield></datafield><datafield tag="245" ind1="1" ind2="0"><subfield code="6">880-03</subfield><subfield code="a">[Netâyicüʼl-fünun ve mehâsinüʼl-mütun ... etc.,</subfield><subfield code="f">1068, i.e. 1658].</subfield></datafield><datafield tag="246" ind1="3" ind2=" "><subfield code="a">Natāʼij al-funūn wa-maḥāsin al-mutūn</subfield></datafield><datafield tag="246" ind1="3" ind2=" "><subfield code="a">Netaic ül-fünûn ve mehasin ül-mütun</subfield></datafield><datafield tag="246" ind1="3" ind2=" "><subfield code="a">Netâicü'l-fünûn ve mehasinü'l-mutûn</subfield></datafield><datafield tag="246" ind1="3" ind2=" "><subfield code="a">نتائج الفنون ومحاسن المتون</subfield></datafield><datafield tag="246" ind1="3" ind2=" "><subfield code="i">Title from flap of slipcase:</subfield><subfield code="a">نتايج الفنون</subfield></datafield><datafield tag="260" ind1=" " ind2=" "><subfield code="c">[1658].</subfield></datafield><datafield tag="300" ind1=" " ind2=" "><subfield code="a">126 leaves :</subfield><subfield code="b">paper ;</subfield><subfield code="c">206 x 125 (148 x 61) mm.</subfield></datafield><datafield tag="500" ind1=" " ind2=" "><subfield code="a">Shelfmark: Ann Arbor, University of Michigan, Special Collections Library, Isl. Ms. 680</subfield></datafield><datafield tag="500" ind1=" " ind2=" "><subfield code="a">Origin: As appears in colophon on p.215, transcription of Netâyicüʼl-fünun completed 24 Jumādá I 1068 [ca. 27 February 1658] ; paper, hands, etc. would suggest that other texts were likely copied around the same time.</subfield></datafield><datafield tag="500" ind1=" " ind2=" "><subfield code="a">Former shelfmark: From interior of upper cover and "IL 384a" (likely supplied by Yahuda).</subfield></datafield><datafield tag="500" ind1=" " ind2=" "><subfield code="a">Binding: Pasteboards covered in a bright blue leather accompanied by slipcase (in red and green leathers, gold rules and stamped chain borders, lined with bright pink coated paper) ; Type II binding (with flap) ; pastedowns and flyleaves in yellow surface-dyed coated wove paper with gold-painted border ; upper and lower covers carry gold-stamped central lozenge filled with vegetal composition (accented with red paint), along with gold-tooled accents and guilloché roll border ; design continues on envelope flap ; edges of text block gold-painted in floral designs ; sewn in red thread, two stations, broken in some gatherings ; worked chevron endbands in red and cream, good condition ; overall in fair condition with minor abrasion and staining, lifting and tears to slipcase leather, slip case flap detached.</subfield></datafield><datafield tag="500" ind1=" " ind2=" "><subfield code="a">Support: European laid paper (same for all three works) with 7 laid lines per cm. (vertical), chain lines spaced 29 mm. apart (horizontal), crown-star-crescent watermark (see p.4, 6, 12, 13, etc.) and "V []" under trefoil countermark (see p.240, etc.), thick and sturdy, well-burnished, cream in color.</subfield></datafield><datafield tag="500" ind1=" " ind2=" "><subfield code="a">Decoration: Keywords, section headings, and abbreviation symbols rubricated ; written area of Netâyicüʼl-fünun surrounded by red rule-border ; some textual dividers in the form of red discs.</subfield></datafield><datafield tag="500" ind1=" " ind2=" "><subfield code="a">Script: Nastaʻlīq (talik) and naskh ; likely three main hands ; nastaʻlīq (talik) hands [Netâyicüʼl-fünun and Maruzat-ı Ebussuud] both virtually serifless with effect of tilt to the left and slight effect of descent to baseline ; final hand with more elongation of horizontal strokes and many sweeping descenders ; naskh [Terkib-i bend] also virtually serifless with slight effect of descent to baseline, curvilinear descenders (some sweeping), and pointing in curves rather than distinct dots ; partially vocalized.</subfield></datafield><datafield tag="500" ind1=" " ind2=" "><subfield code="a">Layout: Written mainly in 15 [Netâyicüʼl-fünun] and 23 [Maruzat-ı Ebussuud] lines per page ; for Terkib-i bend of Kara Çelebi-zade, written area divided to two columns to set off poetry, 11-13 lines of verse per page ; frame-ruled.</subfield></datafield><datafield tag="500" ind1=" " ind2=" "><subfield code="a">Collation: i, 12 V(120), III (126), i ; quinions followed by a ternion ; catchwords present ; pagination in pencil, Western numerals, supplied during digitization (includes flyleaves).</subfield></datafield><datafield tag="500" ind1=" " ind2=" "><subfield code="a">Colophon: "قد وقع الفراغ من تسويد هذه النسخة الشريفة في وقت العشاء من ليلة الاربعاء في ليلة الرابع والعشرين من شهر جمادى الاولى في سنه ثمان وستين والف"</subfield></datafield><datafield tag="500" ind1=" " ind2=" "><subfield code="a">Title supplied by cataloguer from opening on p.6.</subfield></datafield><datafield tag="500" ind1=" " ind2=" "><subfield code="a">Ms. codex.</subfield></datafield><datafield tag="505" ind1="0" ind2=" "><subfield code="a">9. p.245-p.254 : [blank].</subfield></datafield><datafield tag="505" ind1="0" ind2=" "><subfield code="a">8. p.244 : [excerpt].</subfield></datafield><datafield tag="505" ind1="0" ind2=" "><subfield code="a">7. p.230-p.243 : [Maruzat-ı Ebussuud] / Ebussuud Efendi.</subfield></datafield><datafield tag="505" ind1="0" ind2=" "><subfield code="a">6. p.229 : [blank].</subfield></datafield><datafield tag="505" ind1="0" ind2=" "><subfield code="a">5. p.228 : [poetic excerpt].</subfield></datafield><datafield tag="505" ind1="0" ind2=" "><subfield code="a">4. p.226-p.227 : [blank].</subfield></datafield><datafield tag="505" ind1="0" ind2=" "><subfield code="a">3. p.218-p.225 : [Terkib-i bend der münâcât be-dergâh-ı Kadiʼl-hâcât] / Karaçelebizade Abdülaziz Efendi.</subfield></datafield><datafield tag="505" ind1="0" ind2=" "><subfield code="a">2. p.216-p.217 : [blank].</subfield></datafield><datafield tag="505" ind1="0" ind2=" "><subfield code="a">1. p.6-p.215 : Netâyicüʼl-fünun ve mehâsinüʼl-mütun/ Nev'î.</subfield></datafield><datafield tag="510" ind1="4" ind2=" "><subfield code="a">Ḥājjī Khalīfah. Kashf al-ẓunūn (ed. Fluegel),</subfield><subfield code="c">vi 296</subfield></datafield><datafield tag="510" ind1="4" ind2=" "><subfield code="a">Brockelmann, C. GAL,</subfield><subfield code="c">II 439 (no.9)</subfield></datafield><datafield tag="510" ind1="4" ind2=" "><subfield code="a">Brit. Mus. cat. Turkish mss.,</subfield><subfield code="c">p. 248 ; p.15 and p.243</subfield></datafield><datafield tag="510" ind1="4" ind2=" "><subfield code="a">Brit. Mus. cat. Turkish mss.,</subfield><subfield code="c">pp.114-115</subfield></datafield><datafield tag="520" ind1="8" ind2=" "><subfield code="a">Fine copy of the encyclopedic survey of the twelve sciences or branches of learning by Nev'î, Yahya b. Pîr Ali b. Nasûh (d.1599), including scope and standard treatises for each, with many excerpts in Arabic and Persian ; followed by a poem of Karaçelebizade Abdülaziz Efendi (d.1657) and Maruzat-ı Ebussuud, a collection of legal decisions (fetvas) issued by Abū al-Suʻūd al-ʻImādī (Ebussuud Efendi, d.1574) and sanctioned by Sultan Süleyman I (r.1520-1566).</subfield></datafield><datafield tag="538" ind1=" " ind2=" "><subfield code="a">Mode of access: Internet.</subfield></datafield><datafield tag="541" ind1=" " ind2=" "><subfield code="a">Acquired in 1926 from the bookseller Isaac Benjamin S.E. Yahuda via purchase transacted on his behalf by Abraham Shalom Yahuda (1877-1951), his younger brother.</subfield></datafield><datafield tag="546" ind1=" " ind2=" "><subfield code="a">Ottoman Turkish.</subfield></datafield><datafield tag="561" ind1=" " ind2=" "><subfield code="a">Several former owners' marks on 'title page' (p.5) including effaced statement with date partially visible (likely 1179 [1765 or 6]), a circular seal impression in name of one Muḥammad ʻĀrif (محمد عارف), another statement and poetic excerpts.</subfield></datafield><datafield tag="650" ind1=" " ind2="0"><subfield code="a">Manuscripts, Turkish</subfield><subfield code="z">Michigan</subfield><subfield code="z">Ann Arbor.</subfield></datafield><datafield tag="650" ind1=" " ind2="0"><subfield code="a">Islamic law</subfield><subfield code="x">Interpretation and construction</subfield><subfield code="v">Early works to 1800.</subfield></datafield><datafield tag="650" ind1=" " ind2="0"><subfield code="a">Fatwas</subfield><subfield code="z">Turkey</subfield><subfield code="v">Early works to 1800.</subfield></datafield><datafield tag="650" ind1=" " ind2="0"><subfield code="a">Turkish poetry</subfield><subfield code="v">Early works to 1800.</subfield></datafield><datafield tag="650" ind1=" " ind2="0"><subfield code="a">Encyclopedias and dictionaries, Turkish</subfield><subfield code="v">Early works to 1800.</subfield></datafield><datafield tag="700" ind1="0" ind2="2"><subfield code="6">880-05</subfield><subfield code="a">Abū al-Saʻūd Muḥammad ibn Muḥammad,</subfield><subfield code="d">1492 or 1493-1574 or 1575.</subfield><subfield code="t">Maruzat-ı Ebussuud.</subfield></datafield><datafield tag="700" ind1="0" ind2="2"><subfield code="6">880-04</subfield><subfield code="a">Karaçelebizade Abdülaziz,</subfield><subfield code="d">1591-1658.</subfield><subfield code="t">Terkib-i bend der münâcât be-dergâh-ı Kadiʼl-hâcât.</subfield></datafield><datafield tag="740" ind1="0" ind2="2"><subfield code="a">Maʻrūḍāt</subfield></datafield><datafield tag="740" ind1="0" ind2="2"><subfield code="a">Terkib-i bend der münâcât bedergâh-ı Kazıʼl-hâcât.</subfield></datafield><datafield tag="773" ind1="0" ind2=" "><subfield code="a">Yahuda Collection.</subfield></datafield><datafield tag="880" ind1="0" ind2="2"><subfield code="6">700-05/</subfield><subfield code="a">ابو السعود محمد بن محمد.</subfield><subfield code="t">معروضات ابو السعود.</subfield></datafield><datafield tag="880" ind1="0" ind2="2"><subfield code="6">700-04/</subfield><subfield code="a">قره چلبي زاده عبد العزيز.</subfield><subfield code="t">تركيب بند در مناجات بدرگاہ قاضى الحاجات.</subfield></datafield><datafield tag="880" ind1="1" ind2="0"><subfield code="6">245-03/</subfield><subfield code="a">[نتايج الفنون ومحاسن المتون,</subfield><subfield code="f">1068ه, 1658م].</subfield></datafield><datafield tag="880" ind1="0" ind2=" "><subfield code="6">100-01/</subfield><subfield code="a">نوعي.</subfield></datafield><datafield tag="CID" ind1=" " ind2=" "><subfield code="a">006818660</subfield></datafield><datafield tag="DAT" ind1="0" ind2=" "><subfield code="a">20190719102639.0</subfield><subfield code="b">20190719000000.0</subfield></datafield><datafield tag="DAT" ind1="1" ind2=" "><subfield code="a">20190719090653.0</subfield><subfield code="b">2019-07-19T16:10:55Z</subfield></datafield><datafield tag="DAT" ind1="2" ind2=" "><subfield code="a">2015-10-02T18:00:03Z</subfield></datafield><datafield tag="CAT" ind1=" " ind2=" "><subfield code="a">SDR-MIU</subfield><subfield code="d">EX LIBRIS - ALEPH</subfield><subfield code="l">prepare.pl-004-008</subfield></datafield><datafield tag="FMT" ind1=" " ind2=" "><subfield code="a">BK</subfield></datafield><datafield tag="HOL" ind1=" " ind2=" "><subfield code="0">sdr-miu006818660</subfield><subfield code="a">MiU</subfield><subfield code="b">SDR</subfield><subfield code="c">MIU</subfield><subfield code="p">mdp.39015079129964</subfield><subfield code="s">MIU</subfield><subfield code="1">006818660</subfield></datafield><datafield tag="974" ind1=" " ind2=" "><subfield code="b">MIU</subfield><subfield code="c">MIU</subfield><subfield code="d">20190719</subfield><subfield code="s">lit-dlps-dc</subfield><subfield code="u">mdp.39015079129964</subfield><subfield code="y">1658</subfield><subfield code="r">pd</subfield><subfield code="q">bib</subfield><subfield code="t">non-US bib date1 &lt; 1896</subfield></datafield></record></collection>